@book{levi1963structural,
  title={Structural anthropology},
  author={L{\'e}vi-Strauss, Claude},
  volume={1},
  year={1963},
  publisher={Basic Books}
}
@book{aarseth1997cybertext,
  title={Cybertext: perspectives on ergodic literature},
  author={Aarseth, Espen J},
  year={1997},
  publisher={JHU Press}
}
@book{aarne1987types,
  title={The types of the folktale: A classification and bibliography},
  author={Aarne, Antti and Thompson, Stith},
  year={1987},
  publisher={Suomalainen tiedeakatemia Helsinki}
}
@book{mcluhan1994understanding,
  title={Understanding media: The extensions of man},
  author={McLuhan, Marshall},
  year={1994},
  publisher={MIT press}
}
@book{postman2006amusing,
  title={Amusing ourselves to death: Public discourse in the age of show business},
  author={Postman, Neil},
  year={2006},
  publisher={Penguin}
}
@book{schank1990tell,
  title={Tell me a story: A new look at real and artificial memory.},
  author={Schank, Roger C},
  year={1990},
  publisher={Charles Scribner's Sons}
}
@article{propp1968morphology,
  title={Morphology of the Folktale. 1928},
  author={Propp, Vladimir},
  journal={Trans. Svatava Pirkova-Jakobson. 2nd ed. Austin: U of Texas P},
  year={1968}
}
@techreport{mccarthy1963situations,
  title={Situations, actions, and causal laws},
  author={McCarthy, John},
  year={1963},
  institution={DTIC Document}
}
@incollection{shanahan1999event,
  title={The event calculus explained},
  author={Shanahan, Murray},
  booktitle={Artificial intelligence today},
  pages={409--430},
  year={1999},
  publisher={Springer}
}
@phdthesis{byrd2009relational,
  title={Relational programming in minikanren: Techniques, applications, and implementations},
  author={Byrd, William E},
  year={2009},
  school={Citeseer}
}
@inproceedings{meehan1977tale,
  title={TALE-SPIN, An Interactive Program that Writes Stories.},
  author={Meehan, James R},
  booktitle={IJCAI},
  volume={77},
  pages={91--98},
  year={1977}
}
@book{mateas1999oz,
  title={An Oz-centric review of interactive drama and believable agents},
  author={Mateas, Michael},
  year={1999},
  publisher={Springer}
}
@phdthesis{turner1993minstrel,
  title={Minstrel: a computer model of creativity and storytelling},
  author={Turner, Scott R},
  year={1993},
  school={University of California at Los Angeles}
}
@article{chomsky1968sound,
  title={The sound pattern of English},
  author={Chomsky, Noam and Halle, Morris},
  year={1968},
  publisher={JSTOR}
}
@inproceedings{pemberton1989modular,
  title={A modular approach to story generation},
  author={Pemberton, Lyn},
  booktitle={Proceedings of the fourth conference on European chapter of the Association for Computational Linguistics},
  pages={217--224},
  year={1989},
  organization={Association for Computational Linguistics}
}
@inproceedings{lang1999declarative,
  title={A declarative model for simple narratives},
  author={Lang, Raymond},
  booktitle={Proceedings of the AAAI fall symposium on narrative intelligence},
  pages={134--141},
  year={1999}
}
@article{young2004architecture,
  title={An architecture for integrating plan-based behavior generation with interactive game environments},
  author={Young, R Michael and Riedl, Mark O and Branly, Mark and Jhala, Arnav and Martin, RJ and Saretto, CJ},
  journal={Journal of Game Development},
  volume={1},
  number={1},
  pages={51--70},
  year={2004}
}
@inproceedings{young1999notes,
  title={Notes on the use of plan structures in the creation of interactive plot},
  author={Young, R Michael},
  booktitle={AAAI Fall Symposium on Narrative Intelligence},
  pages={164--167},
  year={1999}
}
@incollection{cavazza2001characters,
  title={Characters in Search of an author: AI-based Virtual Storytelling},
  author={Cavazza, Marc and Charles, Fred and Mead, Steven J},
  booktitle={Virtual Storytelling Using Virtual Reality Technologies for Storytelling},
  pages={145--154},
  year={2001},
  publisher={Springer}
}
@article{lebowitz1985story,
  title={Story-telling as planning and learning},
  author={Lebowitz, Michael},
  journal={Poetics},
  volume={14},
  number={6},
  pages={483--502},
  year={1985},
  publisher={Elsevier}
}
@article{marsella2010computational,
  title={Computational models of emotion},
  author={Marsella, Stacy and Gratch, Jonathan and Petta, Paolo},
  journal={A Blueprint for Affective Computing-A sourcebook and manual},
  pages={21--46},
  year={2010}
}
@article{ekman1992argument,
  title={An argument for basic emotions},
  author={Ekman, Paul},
  journal={Cognition \& emotion},
  volume={6},
  number={3-4},
  pages={169--200},
  year={1992},
  publisher={Taylor \& Francis}
}
@book{mehrabian1974approach,
  title={An approach to environmental psychology.},
  author={Mehrabian, Albert and Russell, James A},
  year={1974},
  publisher={the MIT Press}
}
@article{armony1997computational,
  title={Computational modeling of emotion: Explorations through the anatomy and physiology of fear conditioning},
  author={Armony, Jorge L and Servan-Schreiber, David and Cohen, Jonathan D and LeDoux, Joseph E},
  journal={Trends in Cognitive Sciences},
  volume={1},
  number={1},
  pages={28--34},
  year={1997},
  publisher={Elsevier}
}
@article{gratch2004domain,
  title={A domain-independent framework for modeling emotion},
  author={Gratch, Jonathan and Marsella, Stacy},
  journal={Cognitive Systems Research},
  volume={5},
  number={4},
  pages={269--306},
  year={2004},
  publisher={Elsevier}
}
@inproceedings{mccoy2011prom,
  title={Prom Week: social physics as gameplay},
  author={McCoy, Josh and Treanor, Mike and Samuel, Ben and Mateas, Michael and Wardrip-Fruin, Noah},
  booktitle={Proceedings of the 6th International Conference on Foundations of Digital Games},
  pages={319--321},
  year={2011},
  organization={ACM}
}
@inproceedings{eshghi1988abductive,
  title={Abductive Planning with Event Calculus.},
  author={Eshghi, Kave},
  booktitle={ICLP/SLP},
  pages={562--579},
  year={1988}
}
@article{shanahan2000abductive,
  title={An abductive event calculus planner},
  author={Shanahan, Murray},
  journal={The Journal of Logic Programming},
  volume={44},
  number={1},
  pages={207--240},
  year={2000},
  publisher={Elsevier}
}
@book{turner1986thematic,
  title={Thematic knowledge, episodic memory and analogy in MINSTREL, a story invention system},
  author={Turner, Scott R and Dyer, Michael G},
  year={1986},
  publisher={University of California, Computer Science Department}
}
@article{rodriguez2001design,
  title={On the design and construction of Agent-mediated Institutions},
  author={Rodriguez-Aguilar, Juan A and others},
  year={2001},
  publisher={Universidad Aut{\'o}noma de Barcelona}
}
@article{vazquez2003role,
  title={The role of norms and electronic institutions in multi-agent systems applied to complex domains. The HARMONIA framework},
  author={V{\'a}zquez-Salceda, Javier},
  journal={Ai Communications},
  volume={16},
  number={3},
  pages={209--212},
  year={2003},
  publisher={IOS Press}
}
@book{baral2003knowledge,
  title={Knowledge representation, reasoning and declarative problem solving},
  author={Baral, Chitta},
  year={2003},
  publisher={Cambridge university press}
}
@inproceedings{wolff2012storyspace,
  title={Storyspace: a story-driven approach for creating museum narratives},
  author={Wolff, Annika and Mulholland, Paul and Collins, Trevor},
  booktitle={Proceedings of the 23rd ACM conference on Hypertext and social media},
  pages={89--98},
  year={2012},
  organization={ACM}
}
@InProceedings{damiano_et_al:OASIcs:2013:4149,
  author ={Rossana Damiano and Antonio Lieto},
  title ={{Ontological Representations of Narratives: a Case Study on Stories and Actions}},
  booktitle ={2013 Workshop on Computational Models of Narrative},
  pages ={76--93},
  series ={OpenAccess Series in Informatics (OASIcs)},
  ISBN ={978-3-939897-57-6},
  ISSN ={2190-6807},
  year ={2013},
  volume ={32},
  editor ={Mark A. Finlayson and Bernhard Fisseni and Benedikt L{\"o}we and Jan Christoph Meister},
  publisher ={Schloss Dagstuhl--Leibniz-Zentrum fuer Informatik},
  address ={Dagstuhl, Germany},
  URL ={http://drops.dagstuhl.de/opus/volltexte/2013/4149},
  URN ={urn:nbn:de:0030-drops-41492},
  doi ={http://dx.doi.org/10.4230/OASIcs.CMN.2013.76},
  annote ={Keywords: Story ontology, Cultural Heritage, Semantic Applications}
}
@article{gervas2005story,
  title={Story plot generation based on CBR},
  author={Gerv{\'a}s, Pablo and D{\'\i}az-Agudo, Bel{\'e}n and Peinado, Federico and Herv{\'a}s, Raquel},
  journal={Knowledge-Based Systems},
  volume={18},
  number={4},
  pages={235--242},
  year={2005},
  publisher={Elsevier}
}
@incollection{hartmann2005motif,
  title={Motif definition and classification to structure non-linear plots and to control the narrative flow in interactive dramas},
  author={Hartmann, Knut and Hartmann, Sandra and Feustel, Matthias},
  booktitle={Virtual Storytelling. Using Virtual Reality Technologies for Storytelling},
  pages={158--167},
  year={2005},
  publisher={Springer}
}
@inproceedings{jewell2005ontomedia,
  title={OntoMedia: An ontology for the representation of heterogeneous media},
  author={Jewell, Michael O and Lawrence, K Faith and Tuffield, Mischa M and Prugel-Bennett, Adam and Millard, David E and Nixon, Mark S and Shadbolt, Nigel R and others},
  booktitle={In Proceeding of SIGIR workshop on Mutlimedia Information Retrieval},
  year={2005},
  organization={ACM SIGIR}
}
@conference {King2015,
	title = {A Framework for Institutions Governing Institutions},
	booktitle = {Proceedings of the 14th International Conference on Autonomous Agents and Multiagent Systems (AAMAS 2015)},
	year = {2015},
	keywords = {higher-order norms, institutions, normative systems},
	author = {Thomas Christopher King and Li, Tingting and Vos, Marina De and Dignum, Virginia and Catholijn M. Jonker and Padget, Julian and Riemsdijk, M Birna Van}
}
@article{rumelhart1975notes,
  title={Notes on a schema for stories},
  author={Rumelhart, David E},
  journal={Representation and understanding: Studies in cognitive science},
  volume={211},
  pages={236},
  year={1975}
}
@incollection{martens2013linear,
  title={Linear logic programming for narrative generation},
  author={Martens, Chris and Bosser, Anne-Gwenn and Ferreira, Joao F and Cavazza, Marc},
  booktitle={Logic Programming and Nonmonotonic Reasoning},
  pages={427--432},
  year={2013},
  publisher={Springer}
}
@incollection{cavazza2009iris,
  title={The IRIS Network of Excellence: Future Directions in Interactive Storytelling},
  author={Cavazza, Marc and Champagnat, Ronan and Leonardi, Riccardo},
  booktitle={Interactive Storytelling},
  pages={8--13},
  year={2009},
  publisher={Springer}
}
@inproceedings{DBLP:conf/atal/KingLVDJPR15,
 contribution = 25,
 author    = {Thomas Christopher King and
              Tingting Li and
              Marina De Vos and
              Virginia Dignum and
              Catholijn M. Jonker and
              Julian Padget and
              M. Birna van Riemsdijk},
 title     = {A Framework for Institutions Governing Institutions},
 booktitle = {Proceedings of the 2015 International Conference on Autonomous Agents
              and Multiagent Systems, {AAMAS} 2015, Istanbul, Turkey, May 4-8, 2015},
 pages     = {473--481},
 year      = {2015},
 crossref  = {DBLP:conf/atal/2015},
 url       = {http://dl.acm.org/citation.cfm?id=2772940},
 timestamp = {Fri, 15 May 2015 17:42:53 +0200},
 biburl    = {http://dblp.uni-trier.de/rec/bib/conf/atal/KingLVDJPR15},
 bibsource = {dblp computer science bibliography, http://dblp.org}
}
@proceedings{DBLP:conf/atal/2015,
 editor    = {Gerhard Weiss and
              Pinar Yolum and
              Rafael H. Bordini and
              Edith Elkind},
 title     = {Proceedings of the 2015 International Conference on Autonomous Agents
              and Multiagent Systems, {AAMAS} 2015, Istanbul, Turkey, May 4-8, 2015},
 publisher = {{ACM}},
 year      = {2015},
 url       = {http://dl.acm.org/citation.cfm?id=2772879},
 isbn      = {978-1-4503-3413-6},
 timestamp = {Fri, 15 May 2015 16:18:42 +0200},
 biburl    = {http://dblp.uni-trier.de/rec/bib/conf/atal/2015},
 bibsource = {dblp computer science bibliography, http://dblp.org}
}
@phdthesis{tingting-thesis,
           month = {July},
           title = {Normative Conflict Detection and Resolution in Cooperating Institutions},
          school = {University of Bath},
          author = {Tingting Li},
            year = {2014},
            note = {\url{http://opus.bath.ac.uk/45254/}, retrieved 2015-10-07.}
}

@phdthesis{bath45254,
           month = {July},
           title = {Normative Conflict Detection and Resolution in Cooperating Institutions},
          school = {University of Bath},
          author = {Tingting Li},
            year = {2014},
             url = {http://opus.bath.ac.uk/45254/},
        abstract = {Institutions (also called normative frameworks) provide an effective mechanism to govern agents in open intelligent systems. An institution specifies a set of norms, with respect to specific normative objectives, that regulate agents? behaviours in terms of permissions, empowerments and obligations. However, in most real circumstances, several institutions probably have to cooperate to govern the same entities simultaneously, which is referred as cooperating institutions in this dissertation. Depending on how individual institutions are connected with each other, three different ways of forming a cooperating institution are addressed: coordinated institutions, interacting institutions and merged institutions. The dissertation firstly presents a formal and computational model for all three types of combination. Furthermore, when agent behaviour is regulated by a cooperating institution, consisting of a set of independently-designed institutions, normative conflicts are likely to arise, as each individual institution has its own objective. For instance, a certain action may be permitted (or obliged) by a norm from one institution while being prohibited by a norm from another institution. A blunt solution is to ignore or delete the conflicting norm(s) from one or the other institution. A further contribution of this dissertation is however the development of a formally justified fine-grained approach operating on parts of norms that is able to: (i) detect normative conflicts automatically for all the three variants of cooperating institutions, and (ii) resolve these conflicts by automatically constructing a minimal revision of the conflicting norms through inductive learning. In this work, we start with formalising three types of cooperating institution by means of an institutional action language (InstAL ), which can be automatically translated into logic programs under Answer Set semantics. Based on that, we then put forward an automatic procedure that can identify the normative conflicts that may arise, and transform them into negative examples to feed our conflict resolution system implemented by Inductive Logic Programming, through which the conflict-free cooperating institution can be derived by revision of the norms belonging to specific identified institutions. We further demonstrate the proposed conflicts detection and resolution approach in several case studies from the domain of multi-agent systems and legal systems.}
}

@inproceedings{bath38667,
       booktitle = {23rd International Joint Conference on Artificial Intelligence (IJCAI 2013)},
           title = {Normative conflict detection and resolution in cooperating institutions},
          author = {Tingting Li},
            year = {2013},
           pages = {3231--3232},
         journal = {23rd International Joint Conference on Artificial Intelligence (IJCAI 2013)},
             url = {http://opus.bath.ac.uk/38667/},
            note = {See also \cite{bath45254}}
}

@book{campbell2008hero,
  title={The hero with a thousand faces},
  author={Campbell, Joseph},
  volume={17},
  year={2008},
  publisher={New World Library}
}
@incollection{noriega-et-al:2014,
contribution = 30,
year={2015},
isbn={978-3-319-25419-7},
booktitle={Coordination, Organizations, Institutions, and Norms in Agent Systems X},
volume={9372},
series={Lecture Notes in Computer Science},
editor={Ghose, Aditya and Oren, Nir and Telang, Pankaj and Thangarajah, John},
doi={10.1007/978-3-319-25420-3_11},
title={Towards a Framework for Socio-Cognitive Technical Systems},
url={http://dx.doi.org/10.1007/978-3-319-25420-3_11},
publisher={Springer International Publishing},
author={Noriega, Pablo and Padget, Julian and Verhagen, Harko and {d'Inverno}, Mark},
pages={164-181},
language={English}
}
@book{crawford2012chris,
  title={Chris Crawford on interactive storytelling},
  author={Crawford, Chris},
  year={2012},
  publisher={New Riders}
}
@article{jones1996formal,
  title={A formal characterisation of institutionalised power},
  author={Jones, Andrew JI and Sergot, Marek},
  journal={Logic Journal of IGPL},
  volume={4},
  number={3},
  pages={427--443},
  year={1996},
  publisher={Oxford Univ Press}
}
@inproceedings{lee2011learning,
	author = {Seung Lee and Bradford Mott and James Lester},
	title = {Learning Director Agent Strategies: An Inductive Framework for Modeling Director Agents},
	booktitle = {AAAI Conference on Artificial Intelligence and Interactive Digital Entertainment},
	year = {2011 (retrieved 9th June 2015)},
	keywords = {},
	abstract = {Interactive narrative environments offer significant potential for creating engaging narrative experiences that are tailored to individual users. Increasingly, applications in education, training, and entertainment are leveraging narrative to create rich interactive experiences in virtual storyworlds. A key challenge posed by these environments is devising accurate models of director agents’ strategies that determine the most appropriate director action to perform for crafting customized story experiences. A promising approach is developing an empirically informed model of director agents’ decision-making strategies. In this paper, we propose a framework for learning models of director agent decision-making strategies by observing human-human interactions in an interactive narrative-centered learning environment. The results are encouraging and suggest that creating empirically driven models of director agent decision-making is a promising approach to interactive narrative.},

	note = {Online proceedings: \url{http://aaai.org/ocs/index.php/AIIDE/AIIDE11WS/paper/view/4107}}
}
@unpublished{robertson2013modelling,
	author = {Justus Robertson and Robert Young},
	title = {Modelling Character Knowledge in Plan-Based Interactive Narrative to Extend Accomodative Mediation},
	conference = {AAAI Conference on Artificial Intelligence and Interactive Digital Entertainment},
	year = {2013},
	keywords = {},
	abstract = {In plan-based interactive narrative systems, user actions must be integrated with an ideal story structure in order to strike a reasonable balance between user agency and story quality. A process called mediation addresses this issue by selecting appropriate responses to possible detrimental user actions in a given interactive narrative plan. One way the algorithm mediates exceptional user activity is accommodation, the process of replanning future events to incorporate an unwanted action and accomplish the story's authorial goals. However, this approach is limited by an underlying assumption that the story world exists as an object outside the user's subjective experience. In this paper, we incorporate a model of user knowledge into plan-based mediation in order to widen the space of plans the algorithm may search during accommodation by allowing the process to replan past events that occur outside a user's imperfect knowledge of the story world.},
  note = {Paper presented at AIIDE workshop},

	url = {http://www.aaai.org/ocs/index.php/AIIDE/AIIDE13/paper/view/7438}
}
@inproceedings{tomaszewski2011use,
	author = {Zach Tomaszewski},
	title = {On the Use of Reincorporation in Interactive Drama},
	booktitle = {AAAI Conference on Artificial Intelligence and Interactive Digital Entertainment},
	year = {2011 (retrieved 9th June 2015)},
	keywords = {reincorporation; interactive drama; interactive narrative; Marlinspike; drama manager; scene; evaluation},
	abstract = {Marlinspike is an interactive drama system. It produces a story by playing short pre-authored story components called scenes in response to the actions of a human player. Marlinspike selects the next scene to play so as to reincorporate — or narratively build upon — as much of the story-so-far as possible. In accordance with an Aristotelian definition of narrative unity, this reincorporation serves to make earlier events--particularly the player's actions--narratively necessary to the finished story. An evaluation with human players of Marlinspike's novel reincorporation feature produced mixed results. On the one hand, reincorporation does indeed produce internal story structures that are more unified and that include more of the players' significant actions. However, the players themselves did not report a correspondingly improved experience of either story quality or story-level agency.},
  note = {Online proceedings: \url{http://aaai.org/ocs/index.php/AIIDE/AIIDE11WS/paper/view/4106}}
}
@InProceedings{thompson-et-al:2015,
  author ={Matt Thompson and Julian Padget and Steve Battle},
  title ={{Governing Narrative Events With Institutional Norms}},
  booktitle ={6th Workshop on Computational Models of Narrative (CMN 2015)},
  pages ={142--151},
  series ={OpenAccess Series in Informatics (OASIcs)},
  ISBN ={978-3-939897-93-4},
  ISSN ={2190-6807},
  year ={2015},
  volume ={45},
  editor ={Mark A. Finlayson and Ben Miller and Antonio Lieto and Remi Ronfard},
  publisher ={Schloss Dagstuhl--Leibniz-Zentrum fuer Informatik},
  address ={Dagstuhl, Germany},
  URL ={http://drops.dagstuhl.de/opus/volltexte/2015/5288},
  URN ={urn:nbn:de:0030-drops-52889},
  doi ={http://dx.doi.org/10.4230/OASIcs.CMN.2015.142},
  annote ={Keywords: institutions, norms, narrative, agents}
}
@article{russell1980circumplex,
  title={A circumplex model of affect.},
  author={Russell, James A},
  journal={Journal of personality and social psychology},
  volume={39},
  number={6},
  pages={1161},
  year={1980},
  publisher={American Psychological Association}
}
@incollection{ahn2012nvc,
  title={An {NVC} emotional model for conversational virtual humans in a {3D} chatting environment},
  author={Ahn, Junghyun and Gobron, St{\'e}phane and Garcia, David and Silvestre, Quentin and Thalmann, Daniel and Boulic, Ronan},
  booktitle={Articulated Motion and Deformable Objects},
  pages={47--57},
  year={2012},
  publisher={Springer}
}
@book{bordini2007programming,
  title={Programming multi-agent systems in AgentSpeak using Jason},
  author={Bordini, Rafael H and H{\"u}bner, Jomi Fred and Wooldridge, Michael},
  year={2007},
  publisher={John Wiley \& Sons}
}

@INPROCEEDINGS{cliffe2007specifying,
contribution = 30,
  author = {Owen Cliffe and Marina {De~Vos} and Julian Padget},
  title = {Specifying and Reasoning about Multiple Institutions},
  booktitle = {COIN 2006},
  year = {2007},
  pages = {63-81},
  note = {ISBN: 978-3-540-74457-3. Available via \url{http://dx.doi.org/10.1007/978-3-540-74459-7_5}},
  bibsource = {DBLP, http://dblp.uni-trier.de},
  crossref = {DBLP:conf/coin/2006},
  optee = {http://dx.doi.org/10.1007/978-3-540-74459-7_5}
}

@PROCEEDINGS{DBLP:conf/coin/2006,
  title = {Coordination, Organizations, Institutions and Norms, COIN 2006, Hakodate,
	Japan, May 8-9, 2007 and Riva del Garda, Italy, August 21-22, 2007,
	Revised Selected and Invited Papers},
  year = {2007},
  editor = {Javier Vazquez-Salceda and Pablo Noriega},
  volume = {4386},
  series = {Lecture Notes in Computer Science},
  publisher = {Springer},
  bibsource = {DBLP, http://dblp.uni-trier.de},
  booktitle = {COIN II},
  optisbn = {978-3-540-69618-6}
}

@article{gebser2011potassco,
  title={Potassco: The {P}otsdam answer set solving collection},
  author={Gebser, Martin and Kaufmann, Benjamin and Kaminski, Roland and Ostrowski, Max and Schaub, Torsten and Schneider, Marius},
  journal={{AI} Communications},
  volume={24},
  number={2},
  pages={107--124},
  year={2011},
  publisher={IOS Press}
}
@techreport{mccarthy1963situations,
  title={Situations, actions, and causal laws},
  author={McCarthy, John},
  year={1963},
  institution={DTIC Document}
}
@incollection{lee2013decoupling,
year={2013},
isbn={978-3-642-36443-3},
booktitle={Cognitive Agents for Virtual Environments},
volume={7764},
series={Lecture Notes in Computer Science},
editor={Dignum, Frank and Brom, Cyril and Hindriks, Koen and Beer, Martin and Richards, Deborah},
doi={10.1007/978-3-642-36444-0_2},
title={Decoupling Cognitive Agents and Virtual Environments},
url={http://dx.doi.org/10.1007/978-3-642-36444-0_2},
publisher={Springer Berlin Heidelberg},
author={Lee, Jeehang and Baines, Vincent and Padget, Julian},
pages={17-36},
language={English}
}
@article{reiter1991frame,
  title={The frame problem in the situation calculus: A simple solution (sometimes) and a completeness result for goal regression},
  author={Reiter, Raymond},
  journal={Artificial intelligence and mathematical theory of computation: papers in honor of John McCarthy},
  volume={27},
  pages={359--380},
  year={1991},
  publisher={Citeseer}
}
@article{lehnert1981plot,
  title={Plot units and narrative summarization},
  author={Lehnert, Wendy G},
  journal={Cognitive Science},
  volume={5},
  number={4},
  pages={293--331},
  year={1981},
  publisher={Wiley Online Library}
}
@book{noriega1999agent,
  title={Agent mediated auctions: the fishmarket metaphor},
  author={Noriega, Pablo},
  year={1999},
  publisher={Institut d'Investigaci{\'o} en Intel{\textperiodcentered} lig{\`e}ncia Artificial}
}
@inproceedings{riedl2004intent,
  title={An intent-driven planner for multi-agent story generation},
  author={Riedl, Mark Owen and Young, R Michael},
  booktitle={Proceedings of the Third International Joint Conference on Autonomous Agents and Multiagent Systems-Volume 1},
  pages={186--193},
  year={2004},
  organization={IEEE Computer Society}
}
@inproceedings{si2005thespian,
  title={Thespian: Using multi-agent fitting to craft interactive drama},
  author={Si, Mei and Marsella, Stacy C and Pynadath, David V},
  booktitle={Proceedings of the fourth international joint conference on Autonomous agents and multiagent systems},
  pages={21--28},
  year={2005},
  organization={ACM}
}
@inproceedings{marsella2004psychsim,
  title={PsychSim: Agent-based modeling of social interactions and influence},
  author={Marsella, Stacy C and Pynadath, David V and Read, Stephen J},
  booktitle={Proceedings of the international conference on cognitive modeling},
  volume={36},
  pages={243--248},
  year={2004}
}
@incollection{DBLP:books/sp/wooldridgeV99/Mateas99,
 author    = {Michael Mateas},
 title     = {An {O}z-Centric Review of Interactive Drama and Believable Agents},
 booktitle = {Artificial Intelligence Today},
 pages     = {297--328},
 year      = {1999},
 url       = {http://dx.doi.org/10.1007/3-540-48317-9_12},
 doi       = {10.1007/3-540-48317-9_12},
 timestamp = {Fri, 17 Jun 2011 14:09:25 +0200},
 biburl    = {http://dblp.uni-trier.de/rec/bib/books/sp/wooldridgeV99/Mateas99},
 bibsource = {dblp computer science bibliography, http://dblp.org},
 publisher={Springer}
}
@inproceedings{mateas2003faccade,
  title={Fa{\c{c}}ade: An experiment in building a fully-realized interactive drama},
  author={Mateas, Michael and Stern, Andrew},
  booktitle={Game Developers Conference},
  volume={2},
  year={2003}
}
@book{mckee1997substance,
  title={Substance, Structure, Style, and the Principles of Screenwriting},
  author={McKee, Robert},
  year={1997},
  publisher={New York: HarperCollins}
}
@article{artikis2009specifying,
  title={Specifying norm-governed computational societies},
  author={Artikis, Alexander and Sergot, Marek and Pitt, Jeremy},
  journal={ACM Transactions on Computational Logic (TOCL)},
  volume={10},
  number={1},
  pages={1},
  year={2009},
  publisher={ACM}
}
@article{fornara2007agent,
  title={Agent communication and artificial institutions},
  author={Fornara, Nicoletta and Vigan{\`o}, Francesco and Colombetti, Marco},
  journal={Autonomous Agents and Multi-Agent Systems},
  volume={14},
  number={2},
  pages={121--142},
  year={2007},
  publisher={Springer}
}
@article{cardoso2007institutional,
  title={Institutional reality and norms: Specifying and monitoring agent organizations},
  author={Cardoso, Henrique Lopes and Oliveira, Eugenio},
  journal={International Journal of Cooperative Information Systems},
  volume={16},
  number={01},
  pages={67--95},
  year={2007},
  publisher={World Scientific}
}
@article{evans2014versu,
  title={Versu—a simulationist storytelling system},
  author={Evans, Roger and Short, Elaine},
  journal={Computational Intelligence and AI in Games, IEEE Transactions on},
  volume={6},
  number={2},
  pages={113--130},
  year={2014},
  publisher={IEEE}
}
@incollection{evans2010introducing,
  title={Introducing exclusion logic as a deontic logic},
  author={Evans, Richard},
  booktitle={Deontic Logic in Computer Science},
  pages={179--195},
  year={2010},
  publisher={Springer}
}
@inproceedings{martens2015ceptre,
  title={Ceptre: A Language for Modeling Generative Interactive Systems},
  author={Martens, Chris},
  booktitle={Eleventh Artificial Intelligence and Interactive Digital Entertainment Conference},
  year={2015}
}
@inproceedings{hodas1991logic,
  title={Logic programming in a fragment of intuitionistic linear logic},
  author={Hodas, Joshua S and Miller, Dale},
  booktitle={Logic in Computer Science, 1991. LICS'91., Proceedings of Sixth Annual IEEE Symposium on},
  pages={32--42},
  year={1991},
  organization={IEEE}
}
@inproceedings{young1994decomposition,
  title={Decomposition and Causality in Partial-order Planning.},
  author={Young, R Michael and Pollack, Martha E and Moore, Johanna D},
  booktitle={AIPS},
  pages={188--194},
  year={1994}
}
@article{kambhampati1995planning,
  title={Planning as refinement search: A unified framework for evaluating design tradeoffs in partial-order planning},
  author={Kambhampati, Subbarao and Knoblock, Craig A and Yang, Qiang},
  journal={Artificial Intelligence},
  volume={76},
  number={1},
  pages={167--238},
  year={1995},
  publisher={Elsevier}
}
@book{vonnegut2009palm,
  title={Palm Sunday: an autobiographical collage},
  author={Vonnegut, Kurt},
  year={2009},
  publisher={Dial Press}
}
@book{bal2009narratology,
  title={Narratology: Introduction to the theory of narrative},
  author={Bal, Mieke},
  year={2009},
  publisher={University of Toronto Press}
}
@book{shklovsky1991theory,
  title={Theory of prose},
  author={Shklovsky, Viktor},
  year={1991},
  publisher={Dalkey Archive Press}
}
@book{halliwell1986aristotle,
  title={Aristotle's poetics},
  author={Halliwell, Stephen},
  year={1986},
  publisher={University of Chicago Press}
}
@book{harris1959basic,
  title={The basic patterns of plot},
  author={Harris, William Foster},
  year={1959},
  publisher={University of Oklahoma Press}
}
@book{booker2004seven,
  title={The seven basic plots: Why we tell stories},
  author={Booker, Christopher},
  year={2004},
  publisher={A\&C Black}
}
@book{polti1921thirty,
  title={The thirty-six dramatic situations},
  author={Polti, Georges},
  year={1921},
  publisher={JK Reeve}
}
@inproceedings{grasbon2001morphological,
  title={A morphological approach to interactive storytelling},
  author={Grasbon, Dieter and Braun, Norbert},
  booktitle={Proc. CAST01, Living in Mixed Realities. Special issue of Netzspannung. org/journal, the Magazine for Media Production and Inter-media Research},
  pages={337--340},
  year={2001},
  organization={Citeseer}
}
@article{barthes1975introduction,
  title={An introduction to the structural analysis of narrative},
  author={Barthes, Roland and Duisit, Lionel},
  journal={New Literary History},
  volume={6},
  number={2},
  pages={237--272},
  year={1975},
  publisher={JSTOR}
}
@book{todorov1969grammaire,
  title={Grammaire du d{\'e}cam{\'e}ron},
  author={Todorov, Tzvetan},
  year={1969},
  publisher={Mouton The Hague}
}
@book{greimas1983structural,
  title={Structural semantics: An attempt at a method},
  author={Greimas, Algirdas Julien},
  year={1983},
  publisher={University of Nebraska Press}
}
@article{bremond1980logic,
  title={The logic of narrative possibilities},
  author={Bremond, Claude and Cancalon, Elaine D},
  journal={New Literary History},
  volume={11},
  number={3},
  pages={387--411},
  year={1980},
  publisher={JSTOR}
}
@article{cavazza2002character,
  title={Character-based interactive storytelling},
  author={Cavazza, MO and Charles, Fred and Mead, Steven J},
  journal={IEEE Intelligent systems},
  year={2002},
  publisher={IEEE}
}
@inproceedings{riedl2003managing,
  title={Managing interaction between users and agents in a multi-agent storytelling environment},
  author={Riedl, Mark and Saretto, Cesare J and Young, R Michael},
  booktitle={Proceedings of the second international joint conference on Autonomous agents and multiagent systems},
  pages={741--748},
  year={2003},
  organization={ACM}
}
@article{thomas2006author,
  title={Author in the loop: Using mixed-initiative planning to improve interactive narrative},
  author={Thomas, James M and Young, R Michael},
  journal={ICAPS 2006},
  pages={21},
  year={2006},
  publisher={Citeseer}
}
@article{riedl2010narrative,
  title={Narrative planning: balancing plot and character},
  author={Riedl, Mark O and Young, Robert Michael},
  journal={Journal of Artificial Intelligence Research},
  volume={39},
  number={1},
  pages={217--268},
  year={2010}
}
@article {SJP:SJP658,
author = {Friedman, Michael},
title = {REGULATIVE AND CONSTITUTIVE},
journal = {The Southern Journal of Philosophy},
volume = {30},
number = {S1},
publisher = {Blackwell Publishing Ltd},
issn = {2041-6962},
url = {http://dx.doi.org/10.1111/j.2041-6962.1992.tb00658.x},
doi = {10.1111/j.2041-6962.1992.tb00658.x},
pages = {73--102},
year = {1992},
}
@misc{tvtropes,
  author = {{TV Tropes}},
  title = {{TV Tropes} An online wiki for media tropes},
  note = "\url{http://tvtropes.org} [Accessed: 2017-02-15]",
  year = {2017}
}
@misc{playing-tropes,
  author = {{TV Tropes}},
  title = {{TV Tropes}: Playing with a trope},
  note = "\url{http://tvtropes.org/pmwiki/pmwiki.php/Main/PlayingWithATrope} [Accessed: 2017-02-15]",
  year = {2017}
}
@misc{propp-tropes,
  author = {{TV Tropes}},
  title = {{TV Tropes}: Propp's Functions of Folktales},
  note = "\url{http://tvtropes.org/pmwiki/pmwiki.php/Main/ProppsFunctionsOfFolktales} [Accessed: 2017-02-15]",
  year = {2017}
}
@misc{pj-tropes,
  author = {{TV Tropes}},
  title = {{TV Tropes}: Propp's Functions of Folktales},
  note = "\url{http://tvtropes.org/pmwiki/pmwiki.php/Theatre/PunchAndJudy} [Accessed: 2017-09-18]",
  year = {2017}
}
@misc{periodicTableOfStorytelling,
  author = {Harris, James},
  title = {{The Periodic Table of Storytelling} A visualisation of story tropes},
  note = "\url{http://jamesharris.design/periodic/} [Accessed: 2017-02-15]",
  year = {2017}
}
@book{reed2010creating,
  title={Creating Interactive Fiction with Inform 7},
  author={Reed, Aaron},
  year={2010},
  publisher={Cengage Learning}
}
@article{fuchs1996attempto,
  title={Attempto controlled english ({ACE})},
  author={Fuchs, Norbert E and Schwitter, Rolf},
  journal={arXiv preprint cmp-lg/9603003},
  year={1996}
}
@article{asd2007simplified,
  title={Simplified Technical English},
  author={{ASD-STE100}, ASD},
  journal={ASD standard},
  note = "\url{http://www.asd-ste100.org/} [Accessed: 2017-03-30]",
  year={2007}
}
@book{ogden1944basic,
  title={Basic English: A general introduction with rules and grammar},
  author={Ogden, Charles Kay},
  number={29},
  year={1944},
  publisher={K. Paul, Trench, Trubner}
}
@misc{ace-nutshell,
  author = {Fuchs, Norbert},
  title = {{ACE In a Nutshell}, a short overview of the ACE language},
  note = "\url{http://attempto.ifi.uzh.ch/site/docs/ace_nutshell.html} [Accessed: 2017-03-31]",
  year = {2017}
}
@article{kowalski1986logic,
  title={A logic-based calculus of events},
  author={Kowalski, Robert and Sergot, Marek},
  journal={New generation computing},
  volume={4},
  number={1},
  pages={67--95},
  year={1986},
  publisher={Springer}
}
@article{del2001lotrec,
  title={Lotrec: the generic tableau prover for modal and description logics},
  author={del Cerro, Luis and Fauthoux, David and Gasquet, Olivier and Herzig, Andreas and Longin, Dominique and Massacci, Fabio},
  journal={Automated Reasoning},
  pages={453--458},
  year={2001},
  publisher={Springer}
}
@inproceedings{thompson2015interactive,
  title={An interactive, generative punch and judy show using institutions, ASP and emotional agents},
  author={Thompson, Matt and Padget, Julian and Battle, Steve},
  booktitle={Proceedings of the 2015 International Conference on Coordination, Organizations, Institutions, and Norms in Agent Systems XI},
  pages={396--417},
  year={2015},
  organization={Springer}
}
@inproceedings{thompson2015telling,
  title={Telling Non-linear Stories with Interval Temporal Logic.},
  author={Thompson, Matthew and Battle, Steve and Padget, Julian},
  booktitle={ICIDS},
  pages={370--373},
  year={2015}
}
@inproceedings{thompson2016describing,
  author    = {Matthew Thompson and
               Julian Padget and
               Ken Satoh},
  title     = {Describing Legal Policies as Story Tropes in Normative Systems},
  booktitle = {Legal Knowledge and Information Systems - {JURIX} 2016: The Twenty-Ninth
               Annual Conference},
  pages     = {207--210},
  year      = {2016},
  url       = {https://doi.org/10.3233/978-1-61499-726-9-207},
  doi       = {10.3233/978-1-61499-726-9-207},
  timestamp = {Thu, 25 May 2017 00:43:08 +0200},
  biburl    = {http://dblp.uni-trier.de/rec/bib/conf/jurix/ThompsonPS16},
  bibsource = {dblp computer science bibliography, http://dblp.org}
}
@misc{clojure,
  author = {Rich Hickey},
  title = {{Clojure}, a Lisp for the Java Virtual Machine},
  note = "\url{https://clojure.org/} [Accessed: 2017-07-11]",
  year = {2017}
}
@misc{clojurescript,
  author = {Rich Hickey},
  title = {{ClojureScript}, a compiler for Clojure that targets JavaScript},
  note = "\url{https://clojurescript.org/} [Accessed: 2017-07-11]",
  year = {2017}
}
@misc{instaparse,
  author = {Mark Engelberg},
  title = {{Instaparse}, a Clojure parser generator library},
  note = "\url{https://github.com/Engelberg/instaparse} [Accessed: 2017-07-11]",
  year = {2017}
}
@article{miller1995wordnet,
  title={WordNet: a lexical database for English},
  author={Miller, George A},
  journal={Communications of the ACM},
  volume={38},
  number={11},
  pages={39--41},
  year={1995},
  publisher={ACM}
}
@incollection{clarke2014thematic,
  title={Thematic analysis},
  author={Clarke, Victoria and Braun, Virginia},
  booktitle={Encyclopedia of critical psychology},
  pages={1947--1952},
  year={2014},
  publisher={Springer}
}
@book{hayes2000doing,
  title={Doing psychological research},
  author={Hayes, Nicky},
  year={2000},
  publisher={Taylor \& Francis Group Abingdon}
}
@article{liu2004conceptnet,
  title={ConceptNet—a practical commonsense reasoning tool-kit},
  author={Liu, Hugo and Singh, Push},
  journal={BT technology journal},
  volume={22},
  number={4},
  pages={211--226},
  year={2004},
  publisher={Springer}
}
@article{von1951deontic,
  title={Deontic logic},
  author={Von Wright, Georg Henrik},
  journal={Mind},
  volume={60},
  number={237},
  pages={1--15},
  year={1951},
  publisher={JSTOR}
}
@book{prior2003time,
  title={Time and modality},
  author={Prior, Arthur N},
  year={2003},
  publisher={Oxford University Press}
}
@phdthesis{kamp1968tense,
  title={Tense logic and the theory of order},
  author={Kamp, JAW},
  year={1968},
  school={UCLA}
}
@inproceedings{pnueli1977temporal,
  title={The temporal logic of programs},
  author={Pnueli, Amir},
  booktitle={Foundations of Computer Science, 1977., 18th Annual Symposium on},
  pages={46--57},
  year={1977},
  organization={IEEE}
}
@article{ben1983temporal,
  title={The temporal logic of branching time},
  author={Ben-Ari, Mordechai and Pnueli, Amir and Manna, Zohar},
  journal={Acta informatica},
  volume={20},
  number={3},
  pages={207--226},
  year={1983},
  publisher={Springer}
}
@article{emerson1986sometimes,
  title={“Sometimes” and “not never” revisited: on branching versus linear time temporal logic},
  author={Emerson, E Allen and Halpern, Joseph Y},
  journal={Journal of the ACM (JACM)},
  volume={33},
  number={1},
  pages={151--178},
  year={1986},
  publisher={ACM}
}
@article{halpern1991propositional,
  title={A propositional modal logic of time intervals},
  author={Halpern, Joseph Y and Shoham, Yoav},
  journal={Journal of the ACM (JACM)},
  volume={38},
  number={4},
  pages={935--962},
  year={1991},
  publisher={ACM}
}
@article{allen1983maintaining,
  title={Maintaining knowledge about temporal intervals},
  author={Allen, James F},
  journal={Communications of the ACM},
  volume={26},
  number={11},
  pages={832--843},
  year={1983},
  publisher={ACM}
}
@article{della2013interval,
  title={Interval temporal logics: a journey},
  author={Della Monica, Dario and Goranko, Valentin and Montanari, Angelo and Sciavicco, Guido and others},
  journal={Bulletin of EATCS},
  volume={3},
  number={105},
  year={2013}
}
@article{kripke1963semantical,
  title={Semantical analysis of modal logic i normal modal propositional calculi},
  author={Kripke, Saul A},
  journal={Mathematical Logic Quarterly},
  volume={9},
  number={5-6},
  pages={67--96},
  year={1963},
  publisher={Wiley Online Library}
}
@book{gasquet2013kripke,
  title={Kripke’s Worlds: An Introduction to Modal Logics via Tableaux},
  author={Gasquet, Olivier and Herzig, Andreas and Said, Bilal and Schwarzentruber, Fran{\c{c}}ois},
  year={2013},
  publisher={Springer Science \& Business Media}
}
@incollection{kowalski1989logic,
  title={A logic-based calculus of events},
  author={Kowalski, Robert and Sergot, Marek},
  booktitle={Foundations of knowledge base management},
  pages={23--55},
  year={1989},
  publisher={Springer}
}
@inproceedings{giunchiglia2001causal,
  title={Causal laws and multi-valued fluents},
  author={Giunchiglia, Enrico and others},
  booktitle={In Proceedings of Workshop on Nonmonotonic Reasoning, Action and Change (NRAC},
  year={2001},
  organization={Citeseer}
}
@article{giunchiglia2004nonmonotonic,
  title={Nonmonotonic causal theories},
  author={Giunchiglia, Enrico and Lee, Joohyung and Lifschitz, Vladimir and McCain, Norman and Turner, Hudson},
  journal={Artificial Intelligence},
  volume={153},
  number={1-2},
  pages={49--104},
  year={2004},
  publisher={Elsevier}
}